@inproceedings{green1961baseball,
  title={Baseball: an automatic question-answerer},
  author={Green Jr, Bert F and Wolf, Alice K and Chomsky, Carol and Laughery, Kenneth},
  booktitle={Papers presented at the May 9-11, 1961, western joint IRE-AIEE-ACM computer conference},
  pages={219--224},
  year={1961},
  organization={ACM}
}

@article{Simmons:1965:AEQ:363707.363732,
 author = {Simmons, R. F.},
 title = {Answering English Questions by Computer: A Survey},
 journal = {Communications of ACM},
 issue_date = {Jan. 1965},
 volume = {8},
 number = {1},
 month = jan,
 year = {1965},
 issn = {0001-0782},
 pages = {53--70},
 numpages = {18},
 url = {http://doi.acm.org/10.1145/363707.363732},
 doi = {10.1145/363707.363732},
 acmid = {363732},
 publisher = {ACM},
 address = {New York, NY, USA},
}

@article{Simmons:1970:NLQ:361953.361963,
 author = {Simmons, Robert F.},
 title = {Natural Language Question-answering Systems: 1969},
 journal = {Commun. ACM},
 issue_date = {Jan. 1970},
 volume = {13},
 number = {1},
 month = jan,
 year = {1970},
 issn = {0001-0782},
 pages = {15--30},
 numpages = {16},
 url = {http://doi.acm.org/10.1145/361953.361963},
 doi = {10.1145/361953.361963},
 acmid = {361963},
 publisher = {ACM},
 address = {New York, NY, USA},
 keywords = {artificial intelligence, fact retrieval, language processing, natural language, question-answering system, semantics},
} 

@article{shortliffe1975model,
  title={A model of inexact reasoning in medicine},
  author={Shortliffe, Edward H and Buchanan, Bruce G},
  journal={Mathematical biosciences},
  volume={23},
  number={3},
  pages={351--379},
  year={1975},
  publisher={Elsevier}
}

@article{woods1977lunar,
  title={Lunar rocks in natural English: Explorations in natural language question answering},
  author={Woods, William A and Kaplan, R},
  journal={Linguistic structures processing},
  volume={5},
  pages={521--569},
  year={1977},
  publisher={North-Holland, New York}
}

@article{wilensky1988berkeley,
  title={The Berkeley UNIX consultant project},
  author={Wilensky, Robert and Chin, David N and Luria, Marc and Martin, James and Mayfield, James and Wu, Dekai},
  journal={Computational Linguistics},
  volume={14},
  number={4},
  pages={35--84},
  year={1988},
  publisher={MIT Press}
}

@article{androutsopoulos1995natural,
  title={Natural language interfaces to databases--an introduction},
  author={Androutsopoulos, Ion and Ritchie, Graeme D and Thanisch, Peter},
  journal={Natural language engineering},
  volume={1},
  number={01},
  pages={29--81},
  year={1995},
  publisher={Cambridge Univ Press}
}

@article{voorhees2001trec,
  title={The TREC question answering track},
  author={Voorhees, Ellen M},
  journal={Natural Language Engineering},
  volume={7},
  number={04},
  pages={361--378},
  year={2001},
  publisher={Cambridge Univ Press}
}

@article{hirschman2001natural,
  title={Natural language question answering: the view from here},
  author={Hirschman, Lynette and Gaizauskas, Robert},
  journal={natural language engineering},
  volume={7},
  number={4},
  pages={275--300},
  year={2001},
  publisher={Cambridge Univ Press}
}

@inproceedings{andrenucci2005automated,
  title={Automated question answering: Review of the main approaches},
  author={Andrenucci, Andrea and Sneiders, Eriks},
  booktitle={null},
  pages={514--519},
  year={2005},
  organization={IEEE}
}

@article{wang2006survey,
  title={A survey of answer extraction techniques in factoid question answering},
  author={Wang, Mengqiu},
  journal={Computational Linguistics},
  volume={1},
  number={1},
  year={2006}
}

@inproceedings{wang2007jeopardy,
  title={What is the Jeopardy Model? A Quasi-Synchronous Grammar for QA.},
  author={Wang, Mengqiu and Smith, Noah A and Mitamura, Teruko},
  booktitle={EMNLP-CoNLL},
  volume={7},
  pages={22--32},
  year={2007}
}

@article{prager2006open,
  title={Open-Domain Question-Answering.},
  author={Prager, John M},
  journal={Foundations and trends in information retrieval},
  volume={1},
  number={2},
  pages={91--231},
  year={2006}
}

@article{Kolomiyets:2011:SQA:2046840.2047162,
 author = {Kolomiyets, Oleksandr and Moens, Marie-Francine},
 title = {A Survey on Question Answering Technology from an Information Retrieval Perspective},
 journal = {Information Sciences},
 issue_date = {December, 2011},
 volume = {181},
 number = {24},
 month = dec,
 year = {2011},
 issn = {0020-0255},
 pages = {5412--5434},
 numpages = {23},
 url = {http://dx.doi.org/10.1016/j.ins.2011.07.047},
 doi = {10.1016/j.ins.2011.07.047},
 acmid = {2047162},
 publisher = {Elsevier Science Inc.},
 address = {New York, NY, USA},
 keywords = {Information retrieval, Natural language interfaces, Question answering, Retrieval and ranking models},
}

@article{allam2012question,
  title={The question answering systems: A survey},
  author={Allam, Ali Mohamed Nabil and Haggag, Mohamed Hassan},
  journal={International Journal of Research and Reviews in Information Sciences (IJRRIS)},
  volume={2},
  number={3},
  year={2012}
}

@article{gupta2012survey,
  title={A survey of text question answering techniques},
  author={Gupta, Poonam and Gupta, Vishal},
  journal={International Journal of Computer Applications},
  volume={53},
  number={4},
  year={2012},
  publisher={Foundation of Computer Science}
}

@inproceedings{dang2007overview,
  title={Overview of the TREC 2007 Question Answering Track.},
  author={Dang, Hoa Trang and Kelly, Diane and Lin, Jimmy J},
  booktitle={TREC},
  volume={7},
  pages={63},
  year={2007},
  organization={Citeseer}
}

@inproceedings{Sun:2015:ODQ:2736277.2741651,
 author = {Sun, Huan and Ma, Hao and Yih, Wen-tau and Tsai, Chen-Tse and Liu, Jingjing and Chang, Ming-Wei},
 title = {Open Domain Question Answering via Semantic Enrichment},
 booktitle = {Proceedings of the 24th International Conference on World Wide Web},
 series = {WWW '15},
 year = {2015},
 isbn = {978-1-4503-3469-3},
 location = {Florence, Italy},
 pages = {1045--1055},
 numpages = {11},
 url = {http://dl.acm.org/citation.cfm?id=2736277.2741651},
 acmid = {2741651},
 publisher = {International World Wide Web Conferences Steering Committee},
 address = {Republic and Canton of Geneva, Switzerland},
 keywords = {knowledge bases, question answering, web search},
} 

@inproceedings{Fader:2014:OQA:2623330.2623677,
 author = {Fader, Anthony and Zettlemoyer, Luke and Etzioni, Oren},
 title = {Open Question Answering over Curated and Extracted Knowledge Bases},
 booktitle = {Proceedings of the 20th ACM International Conference on Knowledge Discovery and Data Mining},
 series = {KDD '14},
 year = {2014},
 isbn = {978-1-4503-2956-9},
 location = {New York, New York, USA},
 pages = {1156--1165},
 numpages = {10},
 url = {http://doi.acm.org/10.1145/2623330.2623677},
 doi = {10.1145/2623330.2623677},
 acmid = {2623677},
 publisher = {ACM},
 address = {New York, NY, USA},
 keywords = {algorithms, experimentation},
} 

@inproceedings{hovy2000question,
  title={Question Answering in Webclopedia.},
  author={Hovy, Eduard H and Gerber, Laurie and Hermjakob, Ulf and Junk, Michael and Lin, Chin-Yew},
  booktitle={TREC},
  volume={52},
  pages={53--56},
  year={2000}
}

@incollection{prager2006question,
  title={Question answering by predictive annotation},
  author={Prager, John and Chu-Carroll, Jennifer and Brown, Eric W and Czuba, Krzysztof},
  booktitle={Advances in Open Domain Question Answering},
  pages={307--347},
  year={2006},
  publisher={Springer}
}

@Inproceedings {brill_askmsr,
author       = {E. Brill and J. Lin and M. Banko and S. Dumais and A. Ng},
booktitle    = {Proceedings of TREC 2001},
month        = {January},
title        = {Data-intensive question answering},
url          = {http://research.microsoft.com/apps/pubs/default.aspx?id=66835},
year         = {2001},
}


@inproceedings{Bollacker:2008:FCC:1376616.1376746,
 author = {Bollacker, Kurt and Evans, Colin and Paritosh, Praveen and Sturge, Tim and Taylor, Jamie},
 title = {Freebase: A Collaboratively Created Graph Database for Structuring Human Knowledge},
 booktitle = {Proceedings of the 2008 ACM International Conference on Management of Data},
 series = {SIGMOD '08},
 year = {2008},
 isbn = {978-1-60558-102-6},
 location = {Vancouver, Canada},
 pages = {1247--1250},
 numpages = {4},
 url = {http://doi.acm.org/10.1145/1376616.1376746},
 doi = {10.1145/1376616.1376746},
 acmid = {1376746},
 publisher = {ACM},
 address = {New York, NY, USA},
 keywords = {collaborative systems, semantic network, tuple store},
} 

@book{auer2007dbpedia,
  title={Dbpedia: A nucleus for a web of open data},
  author={Auer, S{\"o}ren and Bizer, Christian and Kobilarov, Georgi and Lehmann, Jens and Cyganiak, Richard and Ives, Zachary},
  year={2007},
  publisher={Springer}
}

@inproceedings{carlson2010toward,
  title={Toward an Architecture for Never-Ending Language Learning.},
  author={Carlson, Andrew and Betteridge, Justin and Kisiel, Bryan and Settles, Burr and Hruschka Jr, Estevam R and Mitchell, Tom M},
  booktitle={AAAI},
  volume={5},
  pages={3},
  year={2010}
}

@inproceedings{BerantCFL13:sempre,
  author    = {Jonathan Berant and
               Andrew Chou and
               Roy Frostig and
               Percy Liang},
  title     = {Semantic Parsing on Freebase from Question-Answer Pairs},
  booktitle = {Proceedings of the 2013 Conference on Empirical Methods in Natural
               Language Processing},
  pages     = {1533--1544},
  year      = {2013},
  url       = {http://aclweb.org/anthology/D/D13/D13-1160.pdf},
  timestamp = {Fri, 22 Nov 2013 12:57:23 +0100},
  biburl    = {http://dblp.uni-trier.de/rec/bib/conf/emnlp/BerantCFL13},
  bibsource = {dblp computer science bibliography, http://dblp.org}
}

@inproceedings{YaoD14,
  author    = {Xuchen Yao and
               Benjamin Van Durme},
  title     = {Information Extraction over Structured Data: Question Answering with
               Freebase},
  booktitle = {Proceedings of the 52nd Annual Meeting of the Association for Computational
               Linguistics, {ACL} 2014},
  pages     = {956--966},
  year      = {2014},
  url       = {http://aclweb.org/anthology/P/P14/P14-1090.pdf},
  timestamp = {Mon, 28 Jul 2014 19:09:09 +0200},
  biburl    = {http://dblp.uni-trier.de/rec/bib/conf/acl/YaoD14},
  bibsource = {dblp computer science bibliography, http://dblp.org}
}


@inproceedings{BerantL14:parasempre,
  author    = {Jonathan Berant and
               Percy Liang},
  title     = {Semantic Parsing via Paraphrasing},
  booktitle = {Proceedings of the 52nd Annual Meeting of the Association for Computational
               Linguistics, {ACL} 2014},
  pages     = {1415--1425},
  year      = {2014},
  url       = {http://aclweb.org/anthology/P/P14/P14-1133.pdf},
  timestamp = {Mon, 28 Jul 2014 19:09:09 +0200},
  biburl    = {http://dblp.uni-trier.de/rec/bib/conf/acl/BerantL14},
  bibsource = {dblp computer science bibliography, http://dblp.org}
}

@article{ReddyLS14,
  author    = {Siva Reddy and
               Mirella Lapata and
               Mark Steedman},
  title     = {Large-scale Semantic Parsing without Question-Answer Pairs},
  journal   = {{TACL}},
  volume    = {2},
  pages     = {377--392},
  year      = {2014},
  url       = {https://tacl2013.cs.columbia.edu/ojs/index.php/tacl/article/view/398},
  timestamp = {Thu, 28 May 2015 10:57:49 +0200},
  biburl    = {http://dblp.uni-trier.de/rec/bib/journals/tacl/ReddyLS14},
  bibsource = {dblp computer science bibliography, http://dblp.org}
}

@inproceedings{BordesCW14:emnlp,
  author    = {Antoine Bordes and Sumit Chopra and Jason Weston},
  title     = {Question Answering with Subgraph Embeddings},
  booktitle = {Proceedings of the 2014 Conference on Empirical Methods in Natural Language Processing, {EMNLP} 2014},
  pages     = {615--620},
  year      = {2014},
  url       = {http://aclweb.org/anthology/D/D14/D14-1067.pdf},
  timestamp = {Sat, 15 Nov 2014 14:45:18 +0100},
  biburl    = {http://dblp.uni-trier.de/rec/bib/conf/emnlp/BordesCW14},
  bibsource = {dblp computer science bibliography, http://dblp.org}
}


@inproceedings{yao-scratch-qa-naacl2015,
  author = {Yao, Xuchen},
  title = {Lean Question Answering over Freebase from Scratch},
  booktitle = {Proceedings of NAACL Demo},
  year = {2015},
  url = {http://cs.jhu.edu/~xuchen/paper/scratch-qa.pdf}
}

@inproceedings{bastmore:cikm:2015:aquu,
  title={More Accurate Question Answering on Freebase},
  author={Bast, Hannah and Haussmann, Elmar},
  booktitle={CIKM},
  year={2015}
}

@Inproceedings {yih:ACL:2015:STAGG,
author       = {Wen-tau Yih and Ming-Wei Chang and Xiaodong He and Jianfeng Gao},
booktitle    = {Proceedings of the Joint Conference of the 53rd Annual Meeting of the ACL and the 7th International Joint Conference on Natural Language Processing of the AFNLP},
month        = {July},
publisher    = {ACL – Association for Computational Linguistics},
title        = {Semantic Parsing via Staged Query Graph Generation: Question Answering with
                Knowledge Base},
url          = {http://research.microsoft.com/apps/pubs/default.aspx?id=244749},
year         = {2015}
}

@article{Ferrucci10:DeepQA,
	author    = {David A. Ferrucci and
	Eric W. Brown and
	Jennifer Chu{-}Carroll and
	James Fan and
	David Gondek and
	Aditya Kalyanpur and
	Adam Lally and
	J. William Murdock and
	Eric Nyberg and
	John M. Prager and
	Nico Schlaefer and
	Christopher A. Welty},
	title     = {Building Watson: An Overview of the DeepQA Project},
	journal   = {{AI} Magazine},
	volume    = {31},
	number    = {3},
	pages     = {59--79},
	year      = {2010},
	url       = {http://www.aaai.org/ojs/index.php/aimagazine/article/view/2303},
	timestamp = {Thu, 06 Sep 2012 10:04:00 +0200},
	biburl    = {http://dblp.uni-trier.de/rec/bib/journals/aim/FerrucciBCFGKLMNPSW10},
	bibsource = {dblp computer science bibliography, http://dblp.org}
}

@inproceedings{buscaldi2006mining,
	title={Mining knowledge from wikipedia for the question answering task},
	author={Buscaldi, Davide and Rosso, Paolo},
	booktitle={Proceedings of the International Conference on Language Resources and Evaluation},
	pages={727--730},
	year={2006}
}

@inproceedings{ahn2005using,
	title={Using Wikipedia at the TREC QA track},
	author={Ahn, DD and Jijkoun, Valentin and Mishne, GA and M{\"u}ller, KE and de Rijke, Maarten and Schlobach, KS},
	booktitle={The Thirteenth Text Retrieval Conference (TREC 2004)},
	year={2005}
}

@inproceedings{SavenkovLDA15,
	author    = {Denis Savenkov and
	Wei{-}Lwun Lu and
	Jeff Dalton and
	Eugene Agichtein},
	title     = {Relation Extraction from Community Generated Question-Answer Pairs},
	booktitle = {{NAACL} {HLT} 2015, The 2015 Conference of the North American Chapter
	of the Association for Computational Linguistics: Human Language Technologies},
	pages     = {96--102},
	year      = {2015},
	url       = {http://aclweb.org/anthology/N/N15/N15-2013.pdf},
	timestamp = {Sat, 11 Jul 2015 19:35:08 +0200},
	biburl    = {http://dblp.uni-trier.de/rec/bib/conf/naacl/SavenkovLDA15},
	bibsource = {dblp computer science bibliography, http://dblp.org}
}

@inproceedings{MintzBSJ09,
	author    = {Mike Mintz and
	Steven Bills and
	Rion Snow and
	Daniel Jurafsky},
	title     = {Distant supervision for relation extraction without labeled data},
	booktitle = {{ACL} 2009, Proceedings of the 47th Annual Meeting of the Association
	for Computational Linguistics and the 4th International Joint Conference
	on Natural Language Processing of the AFNLP},
	pages     = {1003--1011},
	year      = {2009},
	url       = {http://www.aclweb.org/anthology/P09-1113},
	timestamp = {Mon, 25 Mar 2013 23:10:01 +0100},
	biburl    = {http://dblp.uni-trier.de/rec/bib/conf/acl/MintzBSJ09},
	bibsource = {dblp computer science bibliography, http://dblp.org}
}

@inproceedings{WangN15,
  author    = {Di Wang and
               Eric Nyberg},
  title     = {A Long Short-Term Memory Model for Answer Sentence Selection in Question
               Answering},
  booktitle = {Proceedings of the 53rd Annual Meeting of the Association for Computational
               Linguistics and the 7th International Joint Conference on Natural
               Language Processing of the Asian Federation of Natural Language Processing,
               {ACL} 2015},
  pages     = {707--712},
  year      = {2015},
  url       = {http://aclweb.org/anthology/P/P15/P15-2116.pdf},
  timestamp = {Sun, 02 Aug 2015 19:49:03 +0200},
  biburl    = {http://dblp.uni-trier.de/rec/bib/conf/acl/WangN15},
  bibsource = {dblp computer science bibliography, http://dblp.org}
}

@article{etzioni2011search,
  title={Search needs a shake-up},
  author={Etzioni, Oren},
  journal={Nature},
  volume={476},
  number={7358},
  pages={25--26},
  year={2011},
  publisher={Nature Publishing Group}
}

@incollection{baudivs2015modeling,
  title={Modeling of the Question Answering Task in the YodaQA System},
  author={Baudi{\v{s}}, Petr and {\v{S}}ediv{\`y}, Jan},
  booktitle={Experimental IR Meets Multilinguality, Multimodality, and Interaction},
  pages={222--228},
  year={2015},
  publisher={Springer}
}

@inproceedings{baudivs2015yodaqa,
  title={YodaQA: a modular question answering system pipeline},
  author={Baudi{\v{s}}, Petr},
  booktitle={POSTER 2015-19th International Student Conference on Electrical Engineering},
  pages={1156--1165},
  year={2015}
}

@inproceedings{LinK03,
  author    = {Jimmy J. Lin and
               Boris Katz},
  title     = {Question answering from the web using knowledge annotation and knowledge
               mining techniques},
  booktitle = {Proceedings of the 2003 {ACM} {CIKM} International Conference on Information
               and Knowledge Management},
  pages     = {116--123},
  year      = {2003},
  url       = {http://doi.acm.org/10.1145/956863.956886},
  doi       = {10.1145/956863.956886},
  timestamp = {Fri, 10 Feb 2006 16:04:30 +0100},
  biburl    = {http://dblp.uni-trier.de/rec/bib/conf/cikm/LinK03},
  bibsource = {dblp computer science bibliography, http://dblp.org}
}

@inproceedings{SchlaeferGSW06,
  author    = {Nico Schlaefer and
               Petra Gieselmann and
               Thomas Schaaf and
               Alex Waibel},
  title     = {A Pattern Learning Approach to Question Answering Within the Ephyra
               Framework},
  booktitle = {Text, Speech and Dialogue, 9th International Conference, {TSD} 2006},
  pages     = {687--694},
  year      = {2006},
  url       = {http://dx.doi.org/10.1007/11846406_86},
  doi       = {10.1007/11846406_86},
  timestamp = {Mon, 23 Oct 2006 16:02:49 +0200},
  biburl    = {http://dblp.uni-trier.de/rec/bib/conf/tsd/SchlaeferGSW06},
  bibsource = {dblp computer science bibliography, http://dblp.org}
}

@inproceedings{RiezlerVTML07,
  author    = {Stefan Riezler and
               Alexander Vasserman and
               Ioannis Tsochantaridis and
               Vibhu O. Mittal and
               Yi Liu},
  title     = {Statistical Machine Translation for Query Expansion in Answer Retrieval},
  booktitle = {{ACL} 2007, Proceedings of the 45th Annual Meeting of the Association
               for Computational Linguistics},
  year      = {2007},
  url       = {http://aclweb.org/anthology-new/P/P07/P07-1059.pdf},
  timestamp = {Fri, 02 Dec 2011 14:17:37 +0100},
  biburl    = {http://dblp.uni-trier.de/rec/bib/conf/acl/RiezlerVTML07},
  bibsource = {dblp computer science bibliography, http://dblp.org}
}

@inproceedings{LiRoth02,
	author    = {Xin Li and
	Dan Roth},
	title     = {Learning Question Classifiers},
	booktitle = {19th International Conference on Computational Linguistics, {COLING}
	2002},
	year      = {2002},
	url       = {http://aclweb.org/anthology/C02-1150},
	timestamp = {Wed, 06 Mar 2013 17:08:57 +0100},
	biburl    = {http://dblp.uni-trier.de/rec/bib/conf/coling/LiR02},
	bibsource = {dblp computer science bibliography, http://dblp.org}
}

@techreport{tsai2015web,
	title={Web-based question answering: Revisiting AskMSR},
	author={Tsai, C and Yih, Wen-tau and Burges, C},
	year={2015},
	institution={Technical Report MSR-TR-2015-20, Microsoft Research}
}

@inproceedings{pasca2001informative,
	title={The informative role of WordNet in open-domain question answering},
	author={Pasca, Marius and Harabagiu, Sanda},
	booktitle={Proceedings of NAACL-01 Workshop on WordNet and Other Lexical Resources},
	pages={138--143},
	year={2001}
}

@inproceedings{ZettlemoyerC05,
	author    = {Luke S. Zettlemoyer and
	Michael Collins},
	title     = {Learning to Map Sentences to Logical Form: Structured Classification
	with Probabilistic Categorial Grammars},
	booktitle = {{UAI} '05, Proceedings of the 21st Conference in Uncertainty in Artificial
	Intelligence},
	pages     = {658--666},
	year      = {2005},
	url       = {https://dslpitt.org/uai/displayArticleDetails.jsp?mmnu=1&smnu=2&article_id=1209&proceeding_id=21},
	timestamp = {Wed, 06 May 2015 15:02:54 +0200},
	biburl    = {http://dblp.uni-trier.de/rec/bib/conf/uai/ZettlemoyerC05},
	bibsource = {dblp computer science bibliography, http://dblp.org}
}

@inproceedings{AgichteinLG01,
  author    = {Eugene Agichtein and
               Steve Lawrence and
               Luis Gravano},
  title     = {Learning search engine specific query transformations for question
               answering},
  booktitle = {Proceedings of the Tenth International World Wide Web Conference,
               {WWW} 10},
  pages     = {169--178},
  year      = {2001},
  url       = {http://doi.acm.org/10.1145/371920.371976},
  doi       = {10.1145/371920.371976},
  timestamp = {Wed, 17 Jul 2013 16:59:51 +0200},
  biburl    = {http://dblp.uni-trier.de/rec/bib/conf/www/AgichteinLG01},
  bibsource = {dblp computer science bibliography, http://dblp.org}
}

@inproceedings{CaiY13,
  author    = {Qingqing Cai and
               Alexander Yates},
  title     = {Large-scale Semantic Parsing via Schema Matching and Lexicon Extension},
  booktitle = {Proceedings of the 51st Annual Meeting of the Association for Computational
               Linguistics, {ACL} 2013},
  pages     = {423--433},
  year      = {2013},
  url       = {http://aclweb.org/anthology/P/P13/P13-1042.pdf},
  timestamp = {Tue, 26 Nov 2013 16:42:48 +0100},
  biburl    = {http://dblp.uni-trier.de/rec/bib/conf/acl/CaiY13},
  bibsource = {dblp computer science bibliography, http://dblp.org}
}

@inproceedings{FaderSE11,
  author    = {Anthony Fader and
               Stephen Soderland and
               Oren Etzioni},
  title     = {Identifying Relations for Open Information Extraction},
  booktitle = {Proceedings of the 2011 Conference on Empirical Methods in Natural
               Language Processing, {EMNLP} 2011},
  pages     = {1535--1545},
  year      = {2011},
  url       = {http://www.aclweb.org/anthology/D11-1142},
  timestamp = {Mon, 21 Nov 2011 13:29:41 +0100},
  biburl    = {http://dblp.uni-trier.de/rec/bib/conf/emnlp/FaderSE11},
  bibsource = {dblp computer science bibliography, http://dblp.org}
}

@misc{gabrilovich2013facc1,
	title={FACC1: Freebase annotation of ClueWeb corpora},
	author={Gabrilovich, Evgeniy and Ringgaard, Michael and Subramanya, Amarnag},
	year={2013},
}

@inproceedings{Pound:2010:AOR:1772690.1772769,
 author = {Pound, Jeffrey and Mika, Peter and Zaragoza, Hugo},
 title = {Ad-hoc Object Retrieval in the Web of Data},
 booktitle = {Proceedings of the 19th International Conference on World Wide Web},
 series = {WWW '10},
 year = {2010},
 isbn = {978-1-60558-799-8},
 location = {Raleigh, North Carolina, USA},
 pages = {771--780},
 numpages = {10},
 url = {http://doi.acm.org/10.1145/1772690.1772769},
 doi = {10.1145/1772690.1772769},
 acmid = {1772769},
 publisher = {ACM},
 address = {New York, NY, USA},
 keywords = {evaluation, object retrieval, semantic search},
}

@InProceedings{SPITKOVSKY12.266,
  author = {Valentin I. Spitkovsky and Angel X. Chang},
  title = {A Cross-Lingual Dictionary for English Wikipedia Concepts},
  booktitle = {Proceedings of the Eight International Conference on Language Resources and Evaluation (LREC'12)},
  year = {2012},
  month = {may},
  date = {23-25},
  address = {Istanbul, Turkey},
  editor = {Nicoletta Calzolari (Conference Chair) and Khalid Choukri and Thierry Declerck and Mehmet Uğur Doğan and Bente Maegaard and Joseph Mariani and Asuncion Moreno and Jan Odijk and Stelios Piperidis},
  publisher = {European Language Resources Association (ELRA)},
  isbn = {978-2-9517408-7-7},
  language = {english}
 }
 
@inproceedings{yago3,
  title={Yago3: A knowledge base from multilingual wikipedias},
  author={Mahdisoltani, Farzaneh and Biega, Joanna and Suchanek, Fabian},
  booktitle={7th Biennial Conference on Innovative Data Systems Research},
  year={2014},
  organization={CIDR Conference}
}

@inproceedings{suchanek2007yago,
  title={Yago: a core of semantic knowledge},
  author={Suchanek, Fabian M and Kasneci, Gjergji and Weikum, Gerhard},
  booktitle={Proceedings of the 16th international conference on World Wide Web},
  pages={697--706},
  year={2007},
  organization={ACM}
}

@inproceedings{Dong:2014:KVW:2623330.2623623,
 author = {Dong, Xin and Gabrilovich, Evgeniy and Heitz, Geremy and Horn, Wilko and Lao, Ni and Murphy, Kevin and Strohmann, Thomas and Sun, Shaohua and Zhang, Wei},
 title = {Knowledge Vault: A Web-scale Approach to Probabilistic Knowledge Fusion},
 booktitle = {Proceedings of the 20th ACM SIGKDD International Conference on Knowledge Discovery and Data Mining},
 series = {KDD '14},
 year = {2014},
 isbn = {978-1-4503-2956-9},
 location = {New York, New York, USA},
 pages = {601--610},
 numpages = {10},
 url = {http://doi.acm.org/10.1145/2623330.2623623},
 doi = {10.1145/2623330.2623623},
 acmid = {2623623},
 publisher = {ACM},
 address = {New York, NY, USA},
 keywords = {information extraction, knowledge bases, machine learning, probabilistic models},
} 

@article{Gupta:2014:BOS:2732286.2732288,
 author = {Gupta, Rahul and Halevy, Alon and Wang, Xuezhi and Whang, Steven Euijong and Wu, Fei},
 title = {Biperpedia: An Ontology for Search Applications},
 journal = {Proc. VLDB Endow.},
 issue_date = {March 2014},
 volume = {7},
 number = {7},
 month = mar,
 year = {2014},
 issn = {2150-8097},
 pages = {505--516},
 numpages = {12},
 url = {http://dx.doi.org/10.14778/2732286.2732288},
 doi = {10.14778/2732286.2732288},
 acmid = {2732288},
 publisher = {VLDB Endowment},
} 

@phdthesis{kushmerick1997wrapper,
  title={Wrapper induction for information extraction},
  author={Kushmerick, Nicholas},
  year={1997},
  school={University of Washington}
}

@article{Cafarella:2008:WEP:1453856.1453916,
 author = {Cafarella, Michael J. and Halevy, Alon and Wang, Daisy Zhe and Wu, Eugene and Zhang, Yang},
 title = {WebTables: Exploring the Power of Tables on the Web},
 journal = {Proc. VLDB Endow.},
 issue_date = {August 2008},
 volume = {1},
 number = {1},
 month = aug,
 year = {2008},
 issn = {2150-8097},
 pages = {538--549},
 numpages = {12},
 url = {http://dx.doi.org/10.14778/1453856.1453916},
 doi = {10.14778/1453856.1453916},
 acmid = {1453916},
 publisher = {VLDB Endowment},
} 

@article{Cafarella:2009:WES:1519103.1519112,
 author = {Cafarella, Michael J. and Madhavan, Jayant and Halevy, Alon},
 title = {Web-scale Extraction of Structured Data},
 journal = {SIGMOD Rec.},
 issue_date = {December 2008},
 volume = {37},
 number = {4},
 month = mar,
 year = {2009},
 issn = {0163-5808},
 pages = {55--61},
 numpages = {7},
 url = {http://doi.acm.org/10.1145/1519103.1519112},
 doi = {10.1145/1519103.1519112},
 acmid = {1519112},
 publisher = {ACM},
 address = {New York, NY, USA},
} 

@article{Etzioni:2008:OIE:1409360.1409378,
 author = {Etzioni, Oren and Banko, Michele and Soderland, Stephen and Weld, Daniel S.},
 title = {Open Information Extraction from the Web},
 journal = {Commun. ACM},
 issue_date = {December 2008},
 volume = {51},
 number = {12},
 month = dec,
 year = {2008},
 issn = {0001-0782},
 pages = {68--74},
 numpages = {7},
 url = {http://doi.acm.org/10.1145/1409360.1409378},
 doi = {10.1145/1409360.1409378},
 acmid = {1409378},
 publisher = {ACM},
 address = {New York, NY, USA},
} 


@inproceedings{cornolti2014smaph,
  title={The SMAPH system for query entity recognition and disambiguation},
  author={Cornolti, Marco and Ferragina, Paolo and Ciaramita, Massimiliano and Sch{\"u}tze, Hinrich and R{\"u}d, Stefan},
  booktitle={Proceedings of the first international workshop on Entity recognition \& disambiguation},
  year={2014},
}

@inproceedings{burger2001issues,
  title={Issues, tasks and program structures to roadmap research in question \& answering (Q\&A)},
  author={Burger, John and Cardie, Claire and Chaudhri, Vinay and Gaizauskas, Robert and Harabagiu, Sanda and Israel, David and Jacquemin, Christian and Lin, Chin-Yew and Maiorano, Steve and Miller, George and others},
  booktitle={Document Understanding Conferences Roadmapping Documents},
  pages={1--35},
  year={2001}
}

@inproceedings{Hovy:2002:QTS:1289189.1289206,
 author = {Hovy, Eduard and Hermjakob, Ulf and Ravichandran, Deepak},
 title = {A Question/Answer Typology with Surface Text Patterns},
 booktitle = {Proceedings of the Second International Conference on Human Language Technology Research},
 series = {HLT '02},
 year = {2002},
 location = {San Diego, California},
 pages = {247--251},
 numpages = {5},
 url = {http://dl.acm.org/citation.cfm?id=1289189.1289206},
 acmid = {1289206},
 publisher = {Morgan Kaufmann Publishers Inc.},
 address = {San Francisco, CA, USA},
 keywords = {QA typology, answer patterns, question answering},
} 

@article{li2006learning,
  title={Learning question classifiers: the role of semantic information},
  author={Li, Xin and Roth, Dan},
  journal={Natural Language Engineering},
  volume={12},
  number={3},
  pages={229--249},
  year={2006},
  publisher={Cambridge Univ Press}
}

@inproceedings{Liu:2008:USA:1599081.1599144,
 author = {Liu, Yuanjie and Li, Shasha and Cao, Yunbo and Lin, Chin-Yew and Han, Dingyi and Yu, Yong},
 title = {Understanding and Summarizing Answers in Community-based Question Answering Services},
 booktitle = {Proceedings of the 22Nd International Conference on Computational Linguistics - Volume 1},
 series = {COLING '08},
 year = {2008},
 isbn = {978-1-905593-44-6},
 location = {Manchester, United Kingdom},
 pages = {497--504},
 numpages = {8},
 url = {http://dl.acm.org/citation.cfm?id=1599081.1599144},
 acmid = {1599144},
 publisher = {Association for Computational Linguistics},
 address = {Stroudsburg, PA, USA},
} 


@inproceedings{cai2013large,
  title={Large-scale Semantic Parsing via Schema Matching and Lexicon Extension.},
  author={Cai, Qingqing and Yates, Alexander},
  booktitle={ACL (1)},
  pages={423--433},
  year={2013},
  organization={Citeseer}
}

@inproceedings{fader2013paraphrase,
  title={Paraphrase-Driven Learning for Open Question Answering},
  author={Fader, Anthony and Zettlemoyer, Luke S and Etzioni, Oren},
  booktitle={ACL},
  year={2013},
  organization={Citeseer}
}

@article{yao2014freebase,
  title={Freebase QA: Information Extraction or Semantic Parsing?},
  author={Yao, Xuchen and Berant, Jonathan and Van Durme, Benjamin},
  journal={ACL 2014},
  pages={82},
  year={2014}
}

@inproceedings{yih2014semantic,
  title={Semantic Parsing for Single-Relation Question Answering.},
  author={Yih, Wen-tau and He, Xiaodong and Meek, Christopher},
  booktitle={ACL (2)},
  pages={643--648},
  year={2014},
  organization={Citeseer}
}

@article{bordes2015large,
  title={Large-scale simple question answering with memory networks},
  author={Bordes, Antoine and Usunier, Nicolas and Chopra, Sumit and Weston, Jason},
  journal={arXiv preprint arXiv:1506.02075},
  year={2015}
}

@incollection{unger2014introduction,
  title={An introduction to question answering over linked data},
  author={Unger, Christina and Freitas, Andr{\'e} and Cimiano, Philipp},
  booktitle={Reasoning Web. Reasoning on the Web in the Big Data Era},
  pages={100--140},
  year={2014},
  publisher={Springer}
}

@article{berant2015imitation,
  title={Imitation Learning of Agenda-based Semantic Parsers},
  author={Berant, Jonathan and Liang, Percy},
  journal={Transactions of the Association for Computational Linguistics},
  volume={3},
  pages={545--558},
  year={2015}
}

@inproceedings{yin2015answering,
  title={Answering Questions with Complex Semantic Constraints on Open Knowledge Bases},
  author={Yin, Pengcheng and Duan, Nan and Kao, Ben and Bao, Junwei and Zhou, Ming},
  booktitle={Proceedings of the 24th ACM International on Conference on Information and Knowledge Management},
  pages={1301--1310},
  year={2015},
  organization={ACM}
}

@inproceedings{dong2015question,
  title={Question answering over freebase with multi-column convolutional neural networks},
  author={Dong, Li and Wei, Furu and Zhou, Ming and Xu, Ke},
  booktitle={Proceedings of the 53rd Annual Meeting of the Association for Computational Linguistics and the 7th International Joint Conference on Natural Language Processing},
  volume={1},
  pages={260--269},
  year={2015}
}

@inproceedings{wang2015large,
  title={Large-Scale Question Answering with Joint Embedding and Proof Tree Decoding},
  author={Wang, Zhenghao and Yan, Shengquan and Wang, Huaming and Huang, Xuedong},
  booktitle={Proceedings of the 24th ACM International on Conference on Information and Knowledge Management},
  pages={1783--1786},
  year={2015},
  organization={ACM}
}

@article{xu2016enhancing,
  title={Enhancing Freebase Question Answering Using Textual Evidence},
  author={Xu, Kun and Feng, Yansong and Reddy, Siva and Huang, Songfang and Zhao, Dongyan},
  journal={arXiv preprint arXiv:1603.00957},
  year={2016}
}

@inproceedings{yahya2013robust,
  title={Robust question answering over the web of linked data},
  author={Yahya, Mohamed and Berberich, Klaus and Elbassuoni, Shady and Weikum, Gerhard},
  booktitle={Proceedings of the 22nd ACM international conference on Conference on information \& knowledge management},
  pages={1107--1116},
  year={2013},
  organization={ACM}
}

@inproceedings{jijkoun2004information,
  title={Information extraction for question answering: Improving recall through syntactic patterns},
  author={Jijkoun, Valentin and De Rijke, Maarten and Mur, Jori},
  booktitle={Proceedings of the 20th international conference on Computational Linguistics},
  pages={1284},
  year={2004},
  organization={Association for Computational Linguistics}
}

@article{lin2007exploration,
  title={An exploration of the principles underlying redundancy-based factoid question answering},
  author={Lin, Jimmy},
  journal={ACM Transactions on Information Systems (TOIS)},
  volume={25},
  number={2},
  pages={6},
  year={2007},
  publisher={ACM}
}

@article{ferrucci2010building,
  title={Building Watson: An overview of the DeepQA project},
  author={Ferrucci, David and Brown, Eric and Chu-Carroll, Jennifer and Fan, James and Gondek, David and Kalyanpur, Aditya A and Lally, Adam and Murdock, J William and Nyberg, Eric and Prager, John and others},
  journal={AI magazine},
  volume={31},
  number={3},
  pages={59--79},
  year={2010}
}

@article{ibm_watson_special_issue,
  title={This is watson”},
  author={Ferrucci, David and Brown, Eric and Chu-Carroll, Jennifer and Fan, James and Gondek, David and Kalyanpur, Aditya A and Lally, Adam and Murdock, J William and Nyberg, Eric and Prager, John and others},
  journal={IBM Journal of Research and Development},
  volume={56},
  year={2012},
  publisher={IBM}
}

@inproceedings{yao2013answer,
  title={Answer Extraction as Sequence Tagging with Tree Edit Distance.},
  author={Yao, Xuchen and Van Durme, Benjamin and Callison-Burch, Chris and Clark, Peter},
  booktitle={HLT-NAACL},
  pages={858--867},
  year={2013},
  organization={Citeseer}
}

@inproceedings{yao2013automatic,
  title={Automatic Coupling of Answer Extraction and Information Retrieval.},
  author={Yao, Xuchen and Van Durme, Benjamin and Clark, Peter},
  booktitle={ACL (2)},
  pages={159--165},
  year={2013}
}

@inproceedings{iyyer2014neural,
  title={A Neural Network for Factoid Question Answering over Paragraphs.},
  author={Iyyer, Mohit and Boyd-Graber, Jordan L and Claudino, Leonardo Max Batista and Socher, Richard and Daum{\'e} III, Hal},
  booktitle={EMNLP},
  pages={633--644},
  year={2014}
}

@article{malon2013answer,
  title={Answer Extraction by Recursive Parse Tree Descent},
  author={Malon, Christopher and Bai, Bing},
  journal={ACL 2013},
  pages={110},
  year={2013}
}

@inproceedings{brill2002analysis,
  title={An analysis of the AskMSR question-answering system},
  author={Brill, Eric and Dumais, Susan and Banko, Michele},
  booktitle={Proceedings of the ACL-02 conference on Empirical methods in natural language processing-Volume 10},
  pages={257--264},
  year={2002},
  organization={Association for Computational Linguistics}
}

@inproceedings{yang2015wikiqa,
  title={WIKIQA: A Challenge Dataset for Open-Domain Question Answering},
  author={Yang, Yi and Yih, Wen-tau and Meek, Christopher},
  booktitle={Proceedings of the 2015 Conference on Empirical Methods in Natural Language Processing},
  pages={2013--2018},
  year={2015},
  organization={Citeseer}
}

@inproceedings{keikha2014retrieving,
  title={Retrieving Passages and Finding Answers},
  author={Keikha, Mostafa and Park, Jae Hyun and Croft, W Bruce and Sanderson, Mark},
  booktitle={Proceedings of the 2014 Australasian Document Computing Symposium},
  pages={81},
  year={2014},
  organization={ACM}
}

@article{yu2014deep,
  title={Deep learning for answer sentence selection},
  author={Yu, Lei and Hermann, Karl Moritz and Blunsom, Phil and Pulman, Stephen},
  journal={arXiv preprint arXiv:1412.1632},
  year={2014}
}

@inproceedings{lin2003question,
  title={Question answering from the web using knowledge annotation and knowledge mining techniques},
  author={Lin, Jimmy and Katz, Boris},
  booktitle={Proceedings of the twelfth international conference on Information and knowledge management},
  pages={116--123},
  year={2003},
  organization={ACM}
}

@inproceedings{bilotti2007structured,
  title={Structured retrieval for question answering},
  author={Bilotti, Matthew W and Ogilvie, Paul and Callan, Jamie and Nyberg, Eric},
  booktitle={Proceedings of the 30th annual international ACM SIGIR conference on Research and development in information retrieval},
  pages={351--358},
  year={2007},
  organization={ACM}
}

@article{surdeanu2011learning,
  title={Learning to rank answers to non-factoid questions from web collections},
  author={Surdeanu, Mihai and Ciaramita, Massimiliano and Zaragoza, Hugo},
  journal={Computational Linguistics},
  volume={37},
  number={2},
  pages={351--383},
  year={2011},
  publisher={MIT Press}
}

@article{soricut2006automatic,
  title={Automatic question answering using the web: Beyond the factoid},
  author={Soricut, Radu and Brill, Eric},
  journal={Information Retrieval},
  volume={9},
  number={2},
  pages={191--206},
  year={2006},
  publisher={Springer}
}

@inproceedings{sondhi2014mining,
  title={Mining Semi-Structured Online Knowledge Bases to Answer Natural Language Questions on Community QA Websites},
  author={Sondhi, Parikshit and Zhai, ChengXiang},
  booktitle={Proceedings of the 23rd ACM International Conference on Conference on Information and Knowledge Management},
  pages={341--350},
  year={2014},
  organization={ACM}
}

@article{wang2015faq,
  title={FAQ-based Question Answering via Word Alignment},
  author={Wang, Zhiguo and Ittycheriah, Abraham},
  journal={arXiv preprint arXiv:1507.02628},
  year={2015}
}

@article{fried2015higher,
  title={Higher-order Lexical Semantic Models for Non-factoid Answer Reranking},
  author={Fried, Daniel and Jansen, Peter and Hahn-Powell, Gustave and Surdeanu, Mihai and Clark, Peter},
  journal={Transactions of the Association for Computational Linguistics},
  volume={3},
  pages={197--210},
  year={2015}
}

@inproceedings{hixon2015learning,
  title={Learning knowledge graphs for question answering through conversational dialog},
  author={Hixon, Ben and Clark, Peter and Hajishirzi, Hannaneh},
  booktitle={Proceedings of the the 2015 Conference of the North American Chapter of the Association for Computational Linguistics: Human Language Technologies, Denver, Colorado, USA},
  year={2015}
}

@inproceedings{sharp2015spinning,
  title={Spinning straw into gold: Using free text to train monolingual alignment models for non-factoid question answering},
  author={Sharp, Rebecca and Jansen, Peter and Surdeanu, Mihai and Clark, Peter},
  booktitle={Proceedings of the Conference of the North American Chapter of the Association for Computational Linguistics-Human Language Technologies (NAACL HLT)},
  year={2015}
}

@inproceedings{zhou2015learning,
  title={Learning continuous word embedding with metadata for question retrieval in community question answering},
  author={Zhou, Guangyou and He, Tingting and Zhao, Jun and Hu, Po},
  booktitle={Proceedings of ACL},
  pages={250--259},
  year={2015}
}

@inproceedings{yang2016beyond,
    author = {Yang, Liu Yang and Ai, Qingyao and Spina, Damiano and Chen, Ruey-Cheng 
                      and Pang, Liang and Croft,  W. Bruce and Guo, Jiafeng and Scholer, Falk},
    title = { Beyond Factoid QA:  Effective Methods for Non-factoid Answer Sentence Retrieval},
    booktitle = {Proceedings of ECIR'16},
    year = {2016}
}

@inproceedings{diwant_liveqa15,
    author = {Wang, Di and Nyberg, Eric},
    title = {CMU OAQA at TREC 2015 LiveQA: Discovering the Right Answer with Clues},
    booktitle = {Proceedings of TREC},
    year = {2015}
}

@inproceedings{ecnucs_liveqa15,
    author = {Wu, GuoShun and Lan, Man},
    title = {Leverage Web-based Answer Retrieval and Hierarchical Answer Selection to Improve the Performance of Live Question Answering},
    booktitle = {Proceedings of TREC},
    year = {2015}
}

@inproceedings{savenkov_liveqa15,
    author = {Savenkov, Denis},
    title = {Ranking Answers and Web Passages for Non-factoid Question Answering: Emory University at TREC LiveQA},
    booktitle = {Proceedings of TREC},
    year = {2015}
}

@article{tan2015lstm,
  title={LSTM-based Deep Learning Models for non-factoid answer selection},
  author={Tan, Ming and Xiang, Bing and Zhou, Bowen},
  journal={arXiv preprint arXiv:1511.04108},
  year={2015}
}

@inproceedings{bernstein2012direct,
  title={Direct answers for search queries in the long tail},
  author={Bernstein, Michael S and Teevan, Jaime and Dumais, Susan and Liebling, Daniel and Horvitz, Eric},
  booktitle={Proceedings of the SIGCHI conference on human factors in computing systems},
  pages={237--246},
  year={2012},
  organization={ACM}
}

@incollection{braunstain2016supporting,
  title={Supporting Human Answers for Advice-Seeking Questions in CQA Sites},
  author={Braunstain, Liora and Kurland, Oren and Carmel, David and Szpektor, Idan and Shtok, Anna},
  booktitle={Advances in Information Retrieval},
  pages={129--141},
  year={2016},
  publisher={Springer}
}

@inproceedings{hovy2001use,
  title={The Use of External Knowledge of Factoid QA.},
  author={Hovy, Eduard H and Hermjakob, Ulf and Lin, Chin-Yew},
  booktitle={TREC},
  volume={2001},
  pages={644--52},
  year={2001}
}

@inproceedings{ittycheriah2001ibm,
  title={IBM's Statistical Question Answering System-TREC-10.},
  author={Ittycheriah, Abraham and Franz, Martin and Roukos, Salim},
  booktitle={TREC},
  year={2001}
}

@inproceedings{soubbotin2001patterns,
  title={Patterns of Potential Answer Expressions as Clues to the Right Answers.},
  author={Soubbotin, Martin M and Soubbotin, Sergei M},
  booktitle={TREC},
  year={2001}
}

@inproceedings{punyakanok2004mapping,
  title={Mapping dependencies trees: An application to question answering},
  author={Punyakanok, Vasin and Roth, Dan and Yih, Wen-tau},
  booktitle={Proceedings of AI\&Math 2004},
  pages={1--10},
  year={2004}
}

@incollection{shen2005exploring,
  title={Exploring syntactic relation patterns for question answering},
  author={Shen, Dan and Kruijff, Geert-Jan M and Klakow, Dietrich},
  booktitle={Natural Language Processing--IJCNLP 2005},
  pages={507--518},
  year={2005},
  publisher={Springer}
}

@inproceedings{heilman2010tree,
  title={Tree edit models for recognizing textual entailments, paraphrases, and answers to questions},
  author={Heilman, Michael and Smith, Noah A},
  booktitle={Human Language Technologies: The 2010 Annual Conference of the North American Chapter of the Association for Computational Linguistics},
  pages={1011--1019},
  year={2010},
  organization={Association for Computational Linguistics}
}

@inproceedings{wang2010probabilistic,
  title={Probabilistic tree-edit models with structured latent variables for textual entailment and question answering},
  author={Wang, Mengqiu and Manning, Christopher D},
  booktitle={Proceedings of the 23rd International Conference on Computational Linguistics},
  pages={1164--1172},
  year={2010},
  organization={Association for Computational Linguistics}
}

@article{santos2016attentive,
  title={Attentive Pooling Networks},
  author={Santos, Cicero dos and Tan, Ming and Xiang, Bing and Zhou, Bowen},
  journal={arXiv preprint arXiv:1602.03609},
  year={2016}
}

@inproceedings{UngerFLNCCW15,
  added-at = {2015-09-03T00:00:00.000+0200},
  author = {Unger, Christina and Forascu, Corina and Lopez, Vanessa and Ngomo, Axel-Cyrille Ngonga and Cabrio, Elena and Cimiano, Philipp and Walter, Sebastian},
  biburl = {http://www.bibsonomy.org/bibtex/2d52f9f9eeb8ce4e57dd388f07ead61e8/dblp},
  booktitle = {CLEF (Working Notes)},
  editor = {Cappellato, Linda and Ferro, Nicola and Jones, Gareth J. F. and SanJuan, Eric},
  ee = {http://ceur-ws.org/Vol-1391/173-CR.pdf},
  interhash = {02c8fb3728144cb43b5f063f02fd9a54},
  intrahash = {d52f9f9eeb8ce4e57dd388f07ead61e8},
  keywords = {dblp},
  publisher = {CEUR-WS.org},
  series = {CEUR Workshop Proceedings},
  timestamp = {2015-09-04T11:34:55.000+0200},
  title = {Question Answering over Linked Data (QALD-5).},
  url = {http://dblp.uni-trier.de/db/conf/clef/clef2015w.html#UngerFLNCCW15},
  volume = 1391,
  year = 2015
}

@article{kwok2001scaling,
  title={Scaling question answering to the web},
  author={Kwok, Cody and Etzioni, Oren and Weld, Daniel S},
  journal={ACM Transactions on Information Systems (TOIS)},
  volume={19},
  number={3},
  pages={242--262},
  year={2001},
  publisher={ACM}
}

@inproceedings{zelle1996learning,
  title={Learning to parse database queries using inductive logic programming},
  author={Zelle, John M and Mooney, Raymond J},
  booktitle={Proceedings of the national conference on artificial intelligence},
  pages={1050--1055},
  year={1996}
}

@incollection{xu2014answering,
  title={Answering natural language questions via phrasal semantic parsing},
  author={Xu, Kun and Zhang, Sheng and Feng, Yansong and Zhao, Dongyan},
  booktitle={Natural Language Processing and Chinese Computing},
  pages={333--344},
  year={2014},
  publisher={Springer}
}

@article{miller1995wordnet,
  title={WordNet: a lexical database for English},
  author={Miller, George A},
  journal={Communications of the ACM},
  volume={38},
  number={11},
  pages={39--41},
  year={1995},
  publisher={ACM}
}

@article{cafarella2008webtables,
  title={Webtables: exploring the power of tables on the web},
  author={Cafarella, Michael J and Halevy, Alon and Wang, Daisy Zhe and Wu, Eugene and Zhang, Yang},
  journal={Proceedings of the VLDB Endowment},
  volume={1},
  number={1},
  pages={538--549},
  year={2008},
  publisher={VLDB Endowment}
}

@inproceedings{Shtok:2012:LPA:2187836.2187939,
 author = {Shtok, Anna and Dror, Gideon and Maarek, Yoelle and Szpektor, Idan},
 title = {Learning from the Past: Answering New Questions with Past Answers},
 booktitle = {Proceedings of the 21st International Conference on World Wide Web},
 series = {WWW '12},
 year = {2012},
 isbn = {978-1-4503-1229-5},
 location = {Lyon, France},
 pages = {759--768},
 numpages = {10},
 url = {http://doi.acm.org/10.1145/2187836.2187939},
 doi = {10.1145/2187836.2187939},
 acmid = {2187939},
 publisher = {ACM},
 address = {New York, NY, USA},
 keywords = {automatic question answering, community-based question answering},
}

@inproceedings{bernhard2009combining,
  title={Combining lexical semantic resources with question \& answer archives for translation-based answer finding},
  author={Bernhard, Delphine and Gurevych, Iryna},
  booktitle={Proceedings of the Joint Conference of the 47th Annual Meeting of the ACL and the 4th International Joint Conference on Natural Language Processing of the AFNLP: Volume 2-Volume 2},
  pages={728--736},
  year={2009},
  organization={Association for Computational Linguistics}
}

@inproceedings{duan2008searching,
  title={Searching Questions by Identifying Question Topic and Question Focus.},
  author={Duan, Huizhong and Cao, Yunbo and Lin, Chin-Yew and Yu, Yong},
  booktitle={ACL},
  pages={156--164},
  year={2008}
}

@inproceedings{Jeon:2005:FSQ:1099554.1099572,
 author = {Jeon, Jiwoon and Croft, W. Bruce and Lee, Joon Ho},
 title = {Finding Similar Questions in Large Question and Answer Archives},
 booktitle = {Proceedings of the 14th ACM International Conference on Information and Knowledge Management},
 series = {CIKM '05},
 year = {2005},
 isbn = {1-59593-140-6},
 location = {Bremen, Germany},
 pages = {84--90},
 numpages = {7},
 url = {http://doi.acm.org/10.1145/1099554.1099572},
 doi = {10.1145/1099554.1099572},
 acmid = {1099572},
 publisher = {ACM},
 address = {New York, NY, USA},
 keywords = {FAQ retrieval, information retrieval, language models},
} 

@inproceedings{cong2008finding,
  title={Finding question-answer pairs from online forums},
  author={Cong, Gao and Wang, Long and Lin, Chin-Yew and Song, Young-In and Sun, Yueheng},
  booktitle={Proceedings of the 31st annual international ACM SIGIR conference on Research and development in information retrieval},
  pages={467--474},
  year={2008},
  organization={ACM}
}

@inproceedings{Jijkoun:2005:RAF:1099554.1099571,
 author = {Jijkoun, Valentin and de Rijke, Maarten},
 title = {Retrieving Answers from Frequently Asked Questions Pages on the Web},
 booktitle = {Proceedings of the 14th ACM International Conference on Information and Knowledge Management},
 series = {CIKM '05},
 year = {2005},
 isbn = {1-59593-140-6},
 location = {Bremen, Germany},
 pages = {76--83},
 numpages = {8},
 url = {http://doi.acm.org/10.1145/1099554.1099571},
 doi = {10.1145/1099554.1099571},
 acmid = {1099571},
 publisher = {ACM},
 address = {New York, NY, USA},
 keywords = {FAQ retrieval, question answering, questions beyond factoids},
} 

@inproceedings{Yang:2009:ISK:1526709.1526735,
 author = {Yang, Jiang-Ming and Cai, Rui and Wang, Yida and Zhu, Jun and Zhang, Lei and Ma, Wei-Ying},
 title = {Incorporating Site-level Knowledge to Extract Structured Data from Web Forums},
 booktitle = {Proceedings of the 18th International Conference on World Wide Web},
 series = {WWW '09},
 year = {2009},
 isbn = {978-1-60558-487-4},
 location = {Madrid, Spain},
 pages = {181--190},
 numpages = {10},
 url = {http://doi.acm.org/10.1145/1526709.1526735},
 doi = {10.1145/1526709.1526735},
 acmid = {1526735},
 publisher = {ACM},
 address = {New York, NY, USA},
 keywords = {Markov logic networks (MLNS), information extraction, site-level knowledge, structured data, web forums},
}

@inproceedings{ding2008using,
  title={Using Conditional Random Fields to Extract Contexts and Answers of Questions from Online Forums.},
  author={Ding, Shilin and Cong, Gao and Lin, Chin-Yew and Zhu, Xiaoyan},
  booktitle={ACL},
  volume={8},
  pages={710--718},
  year={2008},
  organization={Citeseer}
}

@inproceedings{li2011question,
  title={Question identification on twitter},
  author={Li, Baichuan and Si, Xiance and Lyu, Michael R and King, Irwin and Chang, Edward Y},
  booktitle={Proceedings of the 20th ACM international conference on Information and knowledge management},
  pages={2477--2480},
  year={2011},
  organization={ACM}
}

@inproceedings{Franklin:2011:CAQ:1989323.1989331,
 author = {Franklin, Michael J. and Kossmann, Donald and Kraska, Tim and Ramesh, Sukriti and Xin, Reynold},
 title = {CrowdDB: Answering Queries with Crowdsourcing},
 booktitle = {Proceedings of the 2011 ACM SIGMOD International Conference on Management of Data},
 series = {SIGMOD '11},
 year = {2011},
 isbn = {978-1-4503-0661-4},
 location = {Athens, Greece},
 pages = {61--72},
 numpages = {12},
 url = {http://doi.acm.org/10.1145/1989323.1989331},
 doi = {10.1145/1989323.1989331},
 acmid = {1989331},
 publisher = {ACM},
 address = {New York, NY, USA},
 keywords = {architecture, crowd, crowdsourcing, database, hybrid system, query processing},
} 

@inproceedings{aydin2014crowdsourcing,
  title={Crowdsourcing for Multiple-Choice Question Answering.},
  author={Aydin, Bahadir Ismail and Yilmaz, Yavuz Selim and Li, Yaliang and Li, Qi and Gao, Jing and Demirbas, Murat},
  booktitle={AAAI},
  pages={2946--2953},
  year={2014}
}

@article{ong2009measurement,
  title={The measurement of user satisfaction with question answering systems},
  author={Ong, Chorng-Shyong and Day, Min-Yuh and Hsu, Wen-Lian},
  journal={Information \& Management},
  volume={46},
  number={7},
  pages={397--403},
  year={2009},
  publisher={Elsevier}
}

@inproceedings{Liu:2008:PIS:1390334.1390417,
 author = {Liu, Yandong and Bian, Jiang and Agichtein, Eugene},
 title = {Predicting Information Seeker Satisfaction in Community Question Answering},
 booktitle = {Proceedings of the 31st Annual International ACM SIGIR Conference on Research and Development in Information Retrieval},
 series = {SIGIR '08},
 year = {2008},
 isbn = {978-1-60558-164-4},
 location = {Singapore, Singapore},
 pages = {483--490},
 numpages = {8},
 url = {http://doi.acm.org/10.1145/1390334.1390417},
 doi = {10.1145/1390334.1390417},
 acmid = {1390417},
 publisher = {ACM},
 address = {New York, NY, USA},
 keywords = {community question answering, information seeker satisfaction},
} 