@article{Simmons:1965:AEQ:363707.363732,
 author = {Simmons, R. F.},
 title = {Answering English Questions by Computer: A Survey},
 journal = {Communications of ACM},
 issue_date = {Jan. 1965},
 volume = {8},
 number = {1},
 month = jan,
 year = {1965},
 issn = {0001-0782},
 pages = {53--70},
 numpages = {18},
 url = {http://doi.acm.org/10.1145/363707.363732},
 doi = {10.1145/363707.363732},
 acmid = {363732},
 publisher = {ACM},
 address = {New York, NY, USA},
} 

@article{Kolomiyets:2011:SQA:2046840.2047162,
 author = {Kolomiyets, Oleksandr and Moens, Marie-Francine},
 title = {A Survey on Question Answering Technology from an Information Retrieval Perspective},
 journal = {Information Sciences},
 issue_date = {December, 2011},
 volume = {181},
 number = {24},
 month = dec,
 year = {2011},
 issn = {0020-0255},
 pages = {5412--5434},
 numpages = {23},
 url = {http://dx.doi.org/10.1016/j.ins.2011.07.047},
 doi = {10.1016/j.ins.2011.07.047},
 acmid = {2047162},
 publisher = {Elsevier Science Inc.},
 address = {New York, NY, USA},
 keywords = {Information retrieval, Natural language interfaces, Question answering, Retrieval and ranking models},
} 

@inproceedings{dang2007overview,
  title={Overview of the TREC 2007 Question Answering Track.},
  author={Dang, Hoa Trang and Kelly, Diane and Lin, Jimmy J},
  booktitle={TREC},
  volume={7},
  pages={63},
  year={2007},
  organization={Citeseer}
}

@misc{shortliffe1976mycin,
  title={MYCIN: Computer-based medical consultations},
  author={Shortliffe, Edward H},
  year={1976},
  publisher={Elsevier, New York}
}

@article{woods1977lunar,
  title={Lunar rocks in natural English: Explorations in natural language question answering},
  author={Woods, William A and Kaplan, R},
  journal={Linguistic structures processing},
  volume={5},
  pages={521--569},
  year={1977},
  publisher={North-Holland, New York}
}