@inproceedings{Moraveji:2011:MIU:2009916.2009966,
 author = {Moraveji, Neema and Russell, Daniel and Bien, Jacob and Mease, David},
 title = {Measuring Improvement in User Search Performance Resulting from Optimal Search Tips},
 booktitle = {Proceedings of the 34th International ACM SIGIR Conference on Research and Development in Information Retrieval},
 series = {SIGIR '11},
 year = {2011},
 isbn = {978-1-4503-0757-4},
 location = {Beijing, China},
 pages = {355--364},
 numpages = {10},
 url = {http://doi.acm.org/10.1145/2009916.2009966},
 doi = {10.1145/2009916.2009966},
 acmid = {2009966},
 publisher = {ACM},
 address = {New York, NY, USA},
 keywords = {assistance, effectiveness measures, efficiency, experimental design, expertise, query reformulation, search interface, suggestions, tactics, tips, user studies}
}
@inproceedings{Ageev:2011:FYG:2009916.2009965,
 author = {Ageev, Mikhail and Guo, Qi and Lagun, Dmitry and Agichtein, Eugene},
 title = {Find It if You Can: A Game for Modeling Different Types of Web Search Success Using Interaction Data},
 booktitle = {Proceedings of the 34th International ACM SIGIR Conference on Research and Development in Information Retrieval},
 series = {SIGIR '11},
 year = {2011},
 isbn = {978-1-4503-0757-4},
 location = {Beijing, China},
 pages = {345--354},
 numpages = {10},
 url = {http://doi.acm.org/10.1145/2009916.2009965},
 doi = {10.1145/2009916.2009965},
 acmid = {2009965},
 publisher = {ACM},
 address = {New York, NY, USA},
 keywords = {query log analysis, user studies, web search success},
} 
@article{Allan:2012:FCO:2215676.2215678,
 author = {Allan, James and Croft, Bruce and Moffat, Alistair and Sanderson, Mark},
 title = {Frontiers, Challenges, and Opportunities for Information Retrieval: Report from SWIRL 2012 the Second Strategic Workshop on Information Retrieval in Lorne},
 journal = {SIGIR Forum},
 issue_date = {June 2012},
 volume = {46},
 number = {1},
 month = may,
 year = {2012},
 issn = {0163-5840},
 pages = {2--32},
 numpages = {31},
 url = {http://doi.acm.org/10.1145/2215676.2215678},
 doi = {10.1145/2215676.2215678},
 acmid = {2215678},
 publisher = {ACM},
 address = {New York, NY, USA},
} 
