@inproceedings{ACCU:2015,
 author = {Bast, Hannah and Haussmann, Elmar},
 title = {More Accurate Question Answering on Freebase},
 series = {Proceedings of CIKM},
 year = {2015},
 isbn = {978-1-4503-3794-6},
 location = {Melbourne, Australia},
 numpages = {10},
 url = {http://doi.acm.org/10.1145/2806416.2806472},
 doi = {10.1145/2806416.2806472},
 acmid = {2806472},
 keywords = {freebase, knowledge base, question answering},
} 

@inproceedings{SMAPH_ERD:2014,
 author = {Cornolti, Marco and Ferragina, Paolo and Ciaramita, Massimiliano and Sch\"{u}tze, Hinrich and R\"{u}d, Stefan},
 title = {The SMAPH System for Query Entity Recognition and Disambiguation},
 booktitle = {Proceedings of the First International Workshop on Entity Recognition and Disambiguation},
 year = {2014},
 isbn = {978-1-4503-3023-7},
 location = {Gold Coast, Queensland, Australia},
 numpages = {6},
 url = {http://doi.acm.org/10.1145/2633211.2634348},
 doi = {10.1145/2633211.2634348},
 acmid = {2634348},
 keywords = {entity linking, erd 2014 challenge, query disambiguation},
} 


@InProceedings{savenkov-EtAl:2015:SRW,
  author    = {Savenkov, Denis  and  Lu, Wei-Lwun  and  Dalton, Jeff  and  Agichtein, Eugene},
  title     = {Relation Extraction from Community Generated Question-Answer Pairs},
  booktitle = {Proceedings of NAACL: Student Research Workshop},
  year      = {2015},
  url       = {http://www.aclweb.org/anthology/N15-2013}
}

@inproceedings{Sun:2015:ODQ:2736277.2741651,
 author = {Sun, Huan and Ma, Hao and Yih, Wen-tau and Tsai, Chen-Tse and Liu, Jingjing and Chang, Ming-Wei},
 title = {Open Domain Question Answering via Semantic Enrichment},
 series = {Proceedings of WWW},
 year = {2015},
 isbn = {978-1-4503-3469-3},
 location = {Florence, Italy},
 numpages = {11},
 url = {http://dl.acm.org/citation.cfm?id=2736277.2741651},
 acmid = {2741651},
 keywords = {knowledge bases, question answering, web search},
} 

@InProceedings{Berant:EMNLP13,
  author    = {Berant, Jonathan and Andrew Chou and Roy Frostig and Percy Liang},
  title     = {Semantic Parsing on Freebase from Question-Answer Pairs},
  booktitle = {Proceedings of EMNLP},
  year      = {2013},
}


@inproceedings{Fader:2014:OQA:2623330.2623677,
 author = {Fader, Anthony and Zettlemoyer, Luke and Etzioni, Oren},
 title = {Open Question Answering over Curated and Extracted Knowledge Bases},
 booktitle = {Proceedings of SIGKDD},
 year = {2014},
 isbn = {978-1-4503-2956-9},
 location = {New York, New York, USA},
 numpages = {10},
 url = {http://doi.acm.org/10.1145/2623330.2623677},
 doi = {10.1145/2623330.2623677},
 acmid = {2623677},
 keywords = {algorithms, experimentation},
} 

@InProceedings{SPITKOVSKY12.266,
  author = {Valentin I. Spitkovsky and Angel X. Chang},
  title = {A Cross-Lingual Dictionary for English Wikipedia Concepts},
  booktitle = {Proceedings of LREC},
  year = {2012},
  date = {23-25},
  isbn = {978-2-9517408-7-7},
  language = {english}
 }
 
@article{Lin:2007:EPU:1229179.1229180,
 author = {Lin, Jimmy},
 title = {An Exploration of the Principles Underlying Redundancy-based Factoid Question Answering},
 journal = {Transactions of ACM},
 issue_date = {April 2007},
 volume = {25},
 number = {2},
 month = apr,
 year = {2007},
 issn = {1046-8188},
 articleno = {6},
 url = {http://doi.acm.org/10.1145/1229179.1229180},
 doi = {10.1145/1229179.1229180},
 acmid = {1229180},
 publisher = {ACM},
 address = {New York, NY, USA},
 keywords = {Data redundancy, Web search},
} 

@inproceedings{brill2002analysis,
  title={An analysis of the AskMSR question-answering system},
  author={Brill, Eric and Dumais, Susan and Banko, Michele},
  booktitle={Proceedings of EMNLP},
  year={2002},
  organization={Association for Computational Linguistics}
}

@inproceedings{berant2014semantic,
  title={Semantic parsing via paraphrasing},
  author={Berant, Jonathan and Liang, Percy},
  booktitle={Proceedings of ACL},
  year={2014}
}

@inproceedings{yao2014information,
  title={Information extraction over structured data: Question answering with freebase},
  author={Yao, Xuchen and Van Durme, Benjamin},
  booktitle={Proceedings of ACL},
  year={2014}
}

@inproceedings{fader2011identifying,
  title={Identifying relations for open information extraction},
  author={Fader, Anthony and Soderland, Stephen and Etzioni, Oren},
  booktitle={Proceedings of EMNLP},
  year={2011},
}

@article{berant2015imitation,
   Title = {Imitation Learning of Agenda-based Semantic Parsers},
   Author = {Berant, Jonathan and Percy Liang},
   Journal = {Transactions of the Association for Computational Linguistics},
   Volume = {3},
   Year = {2015}
}

@inproceedings{yih2015semantic,
  title={Semantic parsing via staged query graph generation: Question answering with knowledge base},
  author={Yih, Wen-tau and Chang, Ming-Wei and He, Xiaodong and Gao, Jianfeng},
  booktitle={Proceedings of ACL},
  year={2015}
}

@inproceedings{yao-scratch-qa-naacl2015,
  author = {Yao, Xuchen},
  title = {Lean Question Answering over Freebase from Scratch},
  booktitle = {Proceedings of NAACL Demo},
  year = {2015},
  url = {http://cs.jhu.edu/~xuchen/paper/scratch-qa.pdf}
}

@inproceedings{Bollacker:2008:FCC:1376616.1376746,
 author = {Bollacker, Kurt and Evans, Colin and Paritosh, Praveen and Sturge, Tim and Taylor, Jamie},
 title = {Freebase: A Collaboratively Created Graph Database for Structuring Human Knowledge},
 booktitle = {Proceedings of ICMD},
 year = {2008},
 isbn = {978-1-60558-102-6},
 location = {Vancouver, Canada},
 numpages = {4},
 url = {http://doi.acm.org/10.1145/1376616.1376746},
 doi = {10.1145/1376616.1376746},
 acmid = {1376746},
 keywords = {collaborative systems, semantic network, tuple store},
} 


@book{auer2007dbpedia,
  title={Dbpedia: A nucleus for a web of open data},
  author={Auer, S{\"o}ren and Bizer, Christian and Kobilarov, Georgi and Lehmann, Jens and Cyganiak, Richard and Ives, Zachary},
  year={2007},
  publisher={Springer}
}

@inproceedings{BordesCW14:emnlp,
  author    = {Antoine Bordes and Sumit Chopra and Jason Weston},
  title     = {Question Answering with Subgraph Embeddings},
  booktitle = {Proceedings of EMNLP},
  year      = {2014},
  url       = {http://aclweb.org/anthology/D/D14/D14-1067.pdf},
  timestamp = {Sat, 15 Nov 2014 14:45:18 +0100},
  biburl    = {http://dblp.uni-trier.de/rec/bib/conf/emnlp/BordesCW14},
  bibsource = {dblp computer science bibliography, http://dblp.org}
}

@inproceedings{UngerFLNCCW15,
  added-at = {2015-09-03T00:00:00.000+0200},
  author = {Unger, Christina and Forascu, Corina and Lopez, Vanessa and Ngomo, Axel-Cyrille Ngonga and Cabrio, Elena and Cimiano, Philipp and Walter, Sebastian},
  biburl = {http://www.bibsonomy.org/bibtex/2d52f9f9eeb8ce4e57dd388f07ead61e8/dblp},
  booktitle = {Proceedings of CLEF},
  ee = {http://ceur-ws.org/Vol-1391/173-CR.pdf},
  interhash = {02c8fb3728144cb43b5f063f02fd9a54},
  intrahash = {d52f9f9eeb8ce4e57dd388f07ead61e8},
  keywords = {dblp},
  timestamp = {2015-09-04T11:34:55.000+0200},
  title = {Question Answering over Linked Data (QALD-5)},
  url = {http://dblp.uni-trier.de/db/conf/clef/clef2015w.html#UngerFLNCCW15},
  year = 2015
}

@inproceedings{yao2014freebase,
  title={Freebase QA: Information Extraction or Semantic Parsing?},
  author={Yao, Xuchen and Berant, Jonathan and Van Durme, Benjamin},
  booktitle={Proceedings of ACL},
  year={2014}
}

@inproceedings{Barker12,
  added-at = {2012-07-03T00:00:00.000+0200},
  author = {Barker, Ken},
  biburl = {http://www.bibsonomy.org/bibtex/26d7aee04bd1ff79e16f1751f36e023ca/dblp},
  booktitle = {DILS},
  ee = {http://dx.doi.org/10.1007/978-3-642-31040-9_5},
  interhash = {54641e9a1759901a50caf8c8845054b9},
  intrahash = {6d7aee04bd1ff79e16f1751f36e023ca},
  isbn = {978-3-642-31039-3},
  keywords = {dblp},
  publisher = {Springer},
  series = {Lecture Notes in Computer Science},
  timestamp = {2012-07-04T11:34:24.000+0200},
  title = {Combining Structured and Unstructured Knowledge Sources for Question Answering in Watson},
  url = {http://dblp.uni-trier.de/db/conf/dils/dils2012.html#Barker12},
  year = 2012
}


@incollection{baudivs2015modeling,
  title={Modeling of the Question Answering Task in the YodaQA System},
  author={Baudi{\v{s}}, Petr and {\v{S}}ediv{\`y}, Jan},
  booktitle={Experimental IR Meets Multilinguality, Multimodality, and Interaction},
  year={2015},
  publisher={Springer}
}

@article{baudivs2015systems,
  title={Systems and Approaches for Question Answering},
  author={Baudi{\v{s}}, Petr},
  year={2015}
}

@article{Vrandecic:2014:WFC:2661061.2629489,
 author = {Vrande\v{c}i\'{c}, Denny and Kr\"{o}tzsch, Markus},
 title = {Wikidata: A Free Collaborative Knowledgebase},
 journal = {Communications of ACM},
 issue_date = {October 2014},
 number = {10},
 month = sep,
 year = {2014},
 issn = {0001-0782},
 numpages = {8},
 url = {http://doi.acm.org/10.1145/2629489},
 doi = {10.1145/2629489},
 acmid = {2629489},
 publisher = {ACM},
 address = {New York, NY, USA},
} 


@inproceedings{dang2007overview,
  title={Overview of the TREC 2007 Question Answering Track.},
  author={Dang, Hoa Trang and Kelly, Diane and Lin, Jimmy J},
  booktitle={Proceedings of TREC},
  year={2007},
}

@phdthesis{dalton2014entity,
  title={Entity-based Enrichment for Information Extraction and Retrieval},
  author={Dalton, Jeffrey},
  year={2014},
  school={University of Massachusetts Amherst}
}

@inproceedings{mintz2009distant,
  title={Distant supervision for relation extraction without labeled data},
  author={Mintz, Mike and Bills, Steven and Snow, Rion and Jurafsky, Dan},
  booktitle={Proceedings of ACL},
  year={2009},
}

@inproceedings{Pound:2010:AOR:1772690.1772769,
 author = {Pound, Jeffrey and Mika, Peter and Zaragoza, Hugo},
 title = {Ad-hoc Object Retrieval in the Web of Data},
 booktitle = {Proceedings of WWW},
 year = {2010},
 isbn = {978-1-60558-799-8},
 numpages = {10},
 url = {http://doi.acm.org/10.1145/1772690.1772769},
 doi = {10.1145/1772690.1772769},
 acmid = {1772769},
 keywords = {evaluation, object retrieval, semantic search},
} 

@article{xu2016enhancing,
  title={Enhancing Freebase Question Answering Using Textual Evidence},
  author={Xu, Kun and Feng, Yansong and Reddy, Siva and Huang, Songfang and Zhao, Dongyan},
  journal={arXiv preprint arXiv:1603.00957},
  year={2016}
}

@inproceedings{yahya2013robust,
  title={Robust question answering over the web of linked data},
  author={Yahya, Mohamed and Berberich, Klaus and Elbassuoni, Shady and Weikum, Gerhard},
  booktitle={Proceedings of the CIKM},
  year={2013},
}

@inproceedings{yahya2016relationship,
  title={Relationship queries on extended knowledge graphs},
  author={Yahya, Mohamed and Barbosa, Denilson and Berberich, Klaus and Wang, Qiuyue and Weikum, Gerhard},
  booktitle={Proceedings of WSDM},
  year={2016},
}